@book {MR1288523,
    AUTHOR = {Griffiths, Phillip and Harris, Joseph},
     TITLE = {Principles of algebraic geometry},
    SERIES = {Wiley Classics Library},
      NOTE = {Reprint of the 1978 original},
 PUBLISHER = {John Wiley \& Sons, Inc., New York},
      YEAR = {1994},
     PAGES = {xiv+813},
      ISBN = {0-471-05059-8},
   MRCLASS = {14-01},
  MRNUMBER = {1288523},
       DOI = {10.1002/9781118032527},
       URL = {https://doi.org/10.1002/9781118032527},
}
@book {MR703513,
    AUTHOR = {Wu, Hong Xi and L\"{u}, Yi Nian and Chen, Zhi Hua},
     TITLE = {Jin {L}iman qumian yinlun},
    SERIES = {Xiandai Shuxue Jichu Congshu. [Foundations of Modern
              Mathematics Series]},
 PUBLISHER = {Kexue Chubanshe (Science Press), Beijing},
      YEAR = {1981},
     PAGES = {v+293},
   MRCLASS = {30Fxx (14Hxx)},
  MRNUMBER = {703513},
}